<?xml version = "1.0" encoding = "UTF-8"?><record>
    <leader>00000nms#a2200000#c#4500</leader>
    <controlfield tag="003">DE-605</controlfield>
    <controlfield tag="005">20160512133400.0</controlfield>
    <controlfield tag="007">cr#|||||||||||</controlfield>
    <controlfield tag="008">160510m20159999is######o##|########eng#c</controlfield>
    <controlfield tag="009">HT018967599</controlfield>
    <controlfield tag="001">990211385240206441</controlfield>
    <datafield tag="035" ind1=" " ind2=" ">
      <subfield code="a">HT018967599</subfield>
    </datafield>
    <datafield tag="035" ind1=" " ind2=" ">
      <subfield code="a">(DE-605)HT018967599</subfield>
    </datafield>
    <datafield tag="035" ind1=" " ind2=" ">
      <subfield code="a">(ALEPHCCHBZ)021138524HBZ01</subfield>
    </datafield>
    <datafield tag="016" ind1="7" ind2=" ">
      <subfield code="a">1099980607</subfield>
      <subfield code="2">DE-101b</subfield>
    </datafield>
    <datafield tag="016" ind1="7" ind2=" ">
      <subfield code="a">2855077-8</subfield>
      <subfield code="2">DE-600</subfield>
    </datafield>
    <datafield tag="035" ind1=" " ind2=" ">
      <subfield code="a">(DE-600)2855077-8</subfield>
    </datafield>
    <datafield tag="035" ind1=" " ind2=" ">
      <subfield code="a">(DE-599)ZDB2855077-8</subfield>
    </datafield>
    <datafield tag="040" ind1=" " ind2=" ">
      <subfield code="a">0206</subfield>
      <subfield code="b">ger</subfield>
      <subfield code="c">DNB</subfield>
      <subfield code="d">0355</subfield>
      <subfield code="e">rda</subfield>
    </datafield>
    <datafield tag="041" ind1=" " ind2=" ">
      <subfield code="a">eng</subfield>
    </datafield>
    <datafield tag="044" ind1=" " ind2=" ">
      <subfield code="c">XB-IL</subfield>
    </datafield>
    <datafield tag="084" ind1=" " ind2=" ">
      <subfield code="a">330</subfield>
      <subfield code="q">DE-600</subfield>
      <subfield code="2">zdbs</subfield>
    </datafield>
    <datafield tag="245" ind1="0" ind2="0">
      <subfield code="a">Economic forecast report ...</subfield>
      <subfield code="c">Palestine Monetary Authority, Research and Monetary Policy Department</subfield>
    </datafield>
    <datafield tag="246" ind1="3" ind2=" ">
      <subfield code="a">Economic forecast reports</subfield>
    </datafield>
    <datafield tag="246" ind1="1" ind2=" ">
      <subfield code="i">Abweichender Titel</subfield>
      <subfield code="a">Economic forecast reports</subfield>
    </datafield>
    <datafield tag="264" ind1="3" ind2="1">
      <subfield code="a">Ramallah-Palestine</subfield>
      <subfield code="b">Palestine Monetary Authority</subfield>
      <subfield code="c">December 2015-</subfield>
    </datafield>
    <datafield tag="300" ind1=" " ind2=" ">
      <subfield code="a">Online-Ressource</subfield>
    </datafield>
    <datafield tag="336" ind1=" " ind2=" ">
      <subfield code="b">txt</subfield>
    </datafield>
    <datafield tag="337" ind1=" " ind2=" ">
      <subfield code="b">c</subfield>
    </datafield>
    <datafield tag="338" ind1=" " ind2=" ">
      <subfield code="b">cr</subfield>
    </datafield>
    <datafield tag="362" ind1="0" ind2=" ">
      <subfield code="a">2016-</subfield>
    </datafield>
    <datafield tag="363" ind1="0" ind2="1">
      <subfield code="8">1.1\x</subfield>
      <subfield code="i">2016</subfield>
    </datafield>
    <datafield tag="655" ind1=" " ind2="7">
      <subfield code="a">Zeitschrift</subfield>
      <subfield code="0">(DE-588)4067488-5</subfield>
      <subfield code="2">gnd-content</subfield>
    </datafield>
    <datafield tag="710" ind1="2" ind2=" ">
      <subfield code="a">Pal&#228;stinensische Autonomiegebiete</subfield>
      <subfield code="b">Research and Monetary Policy Department</subfield>
      <subfield code="0">(DE-588)1050184750</subfield>
      <subfield code="4">isb</subfield>
    </datafield>
    <datafield tag="780" ind1="0" ind2="0">
      <subfield code="i">Fortsetzung von</subfield>
      <subfield code="t">Economic forecasts for ...</subfield>
      <subfield code="w">(DE-605)HT018833450</subfield>
    </datafield>
    <datafield tag="856" ind1="4" ind2="0">
      <subfield code="u">http://www.pma.ps/Default.aspx?tabid=509&amp;language=en-US</subfield>
      <subfield code="x">Verlag</subfield>
      <subfield code="z">kostenfrei</subfield>
    </datafield>
    <datafield tag="856" ind1="4" ind2="0">
      <subfield code="u">http://www.bibliothek.uni-regensburg.de/ezeit/?2855077</subfield>
      <subfield code="x">EZB</subfield>
    </datafield>
    <datafield tag="960" ind1="1" ind2=" ">
      <subfield code="z">lzZDB</subfield>
    </datafield>
    <datafield tag="964" ind1="0" ind2="s">
      <subfield code="F">030</subfield>
      <subfield code="A">a||dr||||||37</subfield>
    </datafield>
    <datafield tag="964" ind1="0" ind2="s">
      <subfield code="F">050</subfield>
      <subfield code="A">||||||||g|||||</subfield>
    </datafield>
    <datafield tag="964" ind1="0" ind2="s">
      <subfield code="F">052</subfield>
      <subfield code="A">p||||||a|||||||</subfield>
    </datafield>
    <datafield tag="964" ind1="0" ind2="s">
      <subfield code="F">058</subfield>
      <subfield code="A">cr||||||||||||</subfield>
    </datafield>
    <datafield tag="MBD" ind1=" " ind2=" ">
      <subfield code="M">49HBZ_NETWORK</subfield>
      <subfield code="i">990211385240206441</subfield>
      <subfield code="n">HBZ Network</subfield>
    </datafield>
    <datafield tag="MBD" ind1=" " ind2=" ">
      <subfield code="M">49HBZ_FHA</subfield>
      <subfield code="i">991001464239706444</subfield>
      <subfield code="n">Fachhochschule Aachen</subfield>
    </datafield>
    <datafield tag="980" ind1="1" ind2=" ">
      <subfield code="9">LOCAL</subfield>
      <subfield code="e">HBZ</subfield>
      <subfield code="M">49HBZ_FHA</subfield>
    </datafield>
    <datafield tag="981" ind1=" " ind2=" ">
      <subfield code="9">LOCAL</subfield>
      <subfield code="a">(DE-A96)624158</subfield>
      <subfield code="M">49HBZ_FHA</subfield>
    </datafield>
    <datafield tag="997" ind1=" " ind2=" ">
      <subfield code="9">LOCAL</subfield>
      <subfield code="a">20160510</subfield>
      <subfield code="M">49HBZ_FHA</subfield>
    </datafield>
    <datafield tag="MNG" ind1=" " ind2=" ">
      <subfield code="f">ILS</subfield>
      <subfield code="i">marc21</subfield>
      <subfield code="k">01</subfield>
      <subfield code="e">false</subfield>
      <subfield code="g">021138524-HBZ01</subfield>
      <subfield code="j">90</subfield>
      <subfield code="a">import</subfield>
      <subfield code="b">2020-07-16 16:31:42 Europe/Berlin</subfield>
    </datafield>
    <datafield tag="POR" ind1=" " ind2=" ">
      <subfield code="x">System</subfield>
      <subfield code="a">5332220810006444</subfield>
      <subfield code="M">49HBZ_FHA</subfield>
      <subfield code="c">static</subfield>
      <subfield code="l">kostenfrei</subfield>
      <subfield code="y">2020-07-23 14:29:31 Europe/Berlin</subfield>
      <subfield code="w">2020-07-23 14:29:25 Europe/Berlin</subfield>
      <subfield code="D">https://eu04.alma.exlibrisgroup.com/view/uresolver/49HBZ_NETWORK/openurl?u.ignore_date_coverage=true&amp;portfolio_pid=5332220810006444&amp;Force_direct=true</subfield>
      <subfield code="v">P2E_JOB</subfield>
      <subfield code="z">2020-07-23 12:29:25</subfield>
      <subfield code="i">false</subfield>
      <subfield code="S">5232220820006444</subfield>
      <subfield code="d">e?u.ignore_date_coverage=true&amp;rft.mms_id=991001464239706444</subfield>
      <subfield code="b">Available</subfield>
      <subfield code="f">BOOK</subfield>
      <subfield code="8">5332220810006444</subfield>
    </datafield>
    <datafield tag="POR" ind1=" " ind2=" ">
      <subfield code="x">System</subfield>
      <subfield code="a">5332220830006444</subfield>
      <subfield code="M">49HBZ_FHA</subfield>
      <subfield code="c">static</subfield>
      <subfield code="l">kostenfrei</subfield>
      <subfield code="y">2020-07-23 14:29:31 Europe/Berlin</subfield>
      <subfield code="w">2020-07-23 14:29:25 Europe/Berlin</subfield>
      <subfield code="D">https://eu04.alma.exlibrisgroup.com/view/uresolver/49HBZ_NETWORK/openurl?u.ignore_date_coverage=true&amp;portfolio_pid=5332220830006444&amp;Force_direct=true</subfield>
      <subfield code="v">P2E_JOB</subfield>
      <subfield code="z">2020-07-23 12:29:25</subfield>
      <subfield code="i">false</subfield>
      <subfield code="S">5232220840006444</subfield>
      <subfield code="d">e?u.ignore_date_coverage=true&amp;rft.mms_id=991001464239706444</subfield>
      <subfield code="b">Available</subfield>
      <subfield code="f">BOOK</subfield>
      <subfield code="8">5332220830006444</subfield>
    </datafield>
  </record>